
@book{pipelines_pocket,
  keywords  = {Database management},
  language  = {eng},
  publisher = {O'Reilly},
  title     = {Data pipelines pocket reference moving and processing data for analytics / James Densmore.},
  author    = {Densmore, James},
  address   = {Beijing},
  booktitle = {Data pipelines pocket reference moving and processing data for analytics},
  year      = {2021},
  isbn      = {9781492087809}
}

@misc{ingestbase,
  title         = {INGESTBASE: A Declarative Data Ingestion System},
  author        = {Alekh Jindal and Jorge-Arnulfo Quiane-Ruiz and Samuel Madden},
  year          = {2017},
  eprint        = {1701.06093},
  archiveprefix = {arXiv},
  primaryclass  = {cs.DB}
}

@inproceedings{mded,
  title     = {Making Data Engineering Declarative},
  author    = {Yannis Papakonstantinou et al.},
  year      = {2023},
  url       = {https://www.cidrdb.org/cidr2023/papers/p95-papakonstantinou.pdf},
  researchr = {https://researchr.org/publication/Papakonstantinou23},
  cites     = {0},
  citedby   = {0},
  booktitle = {13th Conference on Innovative Data Systems Research, CIDR 2023, Amsterdam, The Netherlands, January 8-11, 2023},
  publisher = {www.cidrdb.org}
}

@book{patterns_eaa,
  author    = {Fowler, Martin},
  title     = {Patterns of Enterprise Application Architecture},
  year      = {2002},
  isbn      = {0321127420},
  publisher = {Addison-Wesley Longman Publishing Co., Inc.},
  address   = {USA}
}

@book{fundamentals,
  title     = {Fundamentals of Data Engineering: Plan and Build Robust Data Systems},
  author    = {Reis, J. and Housley, M.},
  isbn      = {9781098108304},
  lccn      = {2023275148},
  url       = {https://books.google.es/books?id=Z_TFzgEACAAJ},
  year      = {2022},
  publisher = {O'Reilly}
}

@misc{nifi,
  title = {Apache NiFi, https://nifi.apache.org},
  url   = {https://nifi.apache.org},
  note  = {Accessed: 2024-02-15}
}

@misc{ascend,
  title = {Ascend, https://www.ascend.io},
  url   = {https://www.ascend.io},
  note  = {Accessed: 2024-02-15}
}

@misc{meltano,
  title = {Meltano, https://meltano.com},
  url   = {https://meltano.com},
  note  = {Accessed: 2024-02-15}
}

@misc{singer,
  title = {Singer, https://www.singer.io},
  url   = {https://www.singer.io},
  note  = {Accessed: 2024-02-15}
}

@misc{ethics,
  title = {University of Edinburgh Research Ethics and Integrity, https://www.ed.ac.uk/science-engineering/research/research-ethics},
  url   = {https://www.ed.ac.uk/science-engineering/research/research-ethics},
  note  = {Accessed: 2024-02-15}
}